@incollection{MacKay2018,
    title = {Reversible Recurrent Neural Networks},
    author = {MacKay, Matthew and Vicol, Paul and Ba, Jimmy and Grosse, Roger B},
    booktitle = {Advances in Neural Information Processing Systems 31},
    editor = {S. Bengio and H. Wallach and H. Larochelle and K. Grauman and N. Cesa-Bianchi and R. Garnett},
    pages = {9029--9040},
    year = {2018},
    publisher = {Curran Associates, Inc.},
    url = {http://papers.nips.cc/paper/8117-reversible-recurrent-neural-networks.pdf}
}

@InProceedings{Maclaurin2015,
    title = 	 {Gradient-based Hyperparameter Optimization through Reversible Learning},
    author = 	 {Dougal Maclaurin and David Duvenaud and Ryan Adams},
    booktitle = 	 {Proceedings of the 32nd International Conference on Machine Learning},
    pages = 	 {2113--2122},
    year = 	 {2015},
    editor = 	 {Francis Bach and David Blei},
    volume = 	 {37},
    series = 	 {Proceedings of Machine Learning Research},
    address = 	 {Lille, France},
    month = 	 {07--09 Jul},
    publisher = 	 {PMLR},
    pdf = 	 {http://proceedings.mlr.press/v37/maclaurin15.pdf},
    url = 	 {http://proceedings.mlr.press/v37/maclaurin15.html},
}

@incollection{Gomez2017,
    title = {The Reversible Residual Network: Backpropagation Without Storing Activations},
    author = {Gomez, Aidan N and Ren, Mengye and Urtasun, Raquel and Grosse, Roger B},
    booktitle = {Advances in Neural Information Processing Systems 30},
    editor = {I. Guyon and U. V. Luxburg and S. Bengio and H. Wallach and R. Fergus and S. Vishwanathan and R. Garnett},
    pages = {2214--2224},
    year = {2017},
    publisher = {Curran Associates, Inc.},
    url = {http://papers.nips.cc/paper/6816-the-reversible-residual-network-backpropagation-without-storing-activations.pdf}
}

@inproceedings{Jacobsen2018,
    title={i-RevNet: Deep Invertible Networks},
    author={Jörn-Henrik Jacobsen and Arnold W.M. Smeulders and Edouard Oyallon},
    booktitle={International Conference on Learning Representations},
    year={2018},
    url={https://openreview.net/forum?id=HJsjkMb0Z},
}

@article{Arjovsky2015,
    author    = {Mart{\'{\i}}n Arjovsky and
               Amar Shah and
               Yoshua Bengio},
    title     = {Unitary Evolution Recurrent Neural Networks},
    journal   = {CoRR},
    volume    = {abs/1511.06464},
    year      = {2015},
    url       = {http://arxiv.org/abs/1511.06464},
    archivePrefix = {arXiv},
    eprint    = {1511.06464},
    timestamp = {Mon, 13 Aug 2018 16:46:40 +0200},
    biburl    = {https://dblp.org/rec/bib/journals/corr/ArjovskySB15},
    bibsource = {dblp computer science bibliography, https://dblp.org}
}

@misc{Wisdom2016,
    title={Full-Capacity Unitary Recurrent Neural Networks},
    author={Scott Wisdom and Thomas Powers and John R. Hershey and Jonathan Le Roux and Les Atlas},
    year={2016},
    eprint={1611.00035},
    archivePrefix={arXiv},
    primaryClass={stat.ML}
}

@article{Li2016,
    author    = {Li Jing and
               Yichen Shen and
               Tena Dubcek and
               John Peurifoy and
               Scott A. Skirlo and
               Max Tegmark and
               Marin Soljacic},
    title     = {Tunable Efficient Unitary Neural Networks {(EUNN)} and their application
               to {RNN}},
    journal   = {CoRR},
    volume    = {abs/1612.05231},
    year      = {2016},
    url       = {http://arxiv.org/abs/1612.05231},
    archivePrefix = {arXiv},
    eprint    = {1612.05231},
    timestamp = {Mon, 13 Aug 2018 16:46:11 +0200},
    biburl    = {https://dblp.org/rec/bib/journals/corr/JingSDPSTS16},
    bibsource = {dblp computer science bibliography, https://dblp.org}
}

@article{Innes2019,
  author    = {Mike Innes and
               Alan Edelman and
               Keno Fischer and
               Christopher Rackauckas and
               Elliot Saba and
               Viral B. Shah and
               Will Tebbutt},
  title     = {A Differentiable Programming System to Bridge Machine Learning and
               Scientific Computing},
  journal   = {CoRR},
  volume    = {abs/1907.07587},
  year      = {2019},
  url       = {http://arxiv.org/abs/1907.07587},
  archivePrefix = {arXiv},
  eprint    = {1907.07587},
  timestamp = {Tue, 23 Jul 2019 10:54:22 +0200},
  biburl    = {https://dblp.org/rec/bib/journals/corr/abs-1907-07587},
  bibsource = {dblp computer science bibliography, https://dblp.org}
}

@misc{Tensorflow2015,
    title={ {TensorFlow}: Large-Scale Machine Learning on Heterogeneous Systems},
    url={https://www.tensorflow.org/},
    note={Software available from tensorflow.org},
    author={
        Mart\'{\i}n~Abadi and
        Ashish~Agarwal and
        Paul~Barham and
        Eugene~Brevdo and
        Zhifeng~Chen and
        Craig~Citro and
        Greg~S.~Corrado and
        Andy~Davis and
        Jeffrey~Dean and
        Matthieu~Devin and
        Sanjay~Ghemawat and
        Ian~Goodfellow and
        Andrew~Harp and
        Geoffrey~Irving and
        Michael~Isard and
        Yangqing Jia and
        Rafal~Jozefowicz and
        Lukasz~Kaiser and
        Manjunath~Kudlur and
        Josh~Levenberg and
        Dandelion~Man\'{e} and
        Rajat~Monga and
        Sherry~Moore and
        Derek~Murray and
        Chris~Olah and
        Mike~Schuster and
        Jonathon~Shlens and
        Benoit~Steiner and
        Ilya~Sutskever and
        Kunal~Talwar and
        Paul~Tucker and
        Vincent~Vanhoucke and
        Vijay~Vasudevan and
        Fernanda~Vi\'{e}gas and
        Oriol~Vinyals and
        Pete~Warden and
        Martin~Wattenberg and
        Martin~Wicke and
        Yuan~Yu and
        Xiaoqiang~Zheng},
      year={2015},
}

@inproceedings{Paszke2017,
    title={Automatic Differentiation in {PyTorch}},
    author={Paszke, Adam and Gross, Sam and Chintala, Soumith and Chanan, Gregory and Yang, Edward and DeVito, Zachary and Lin, Zeming and Desmaison, Alban and Antiga, Luca and Lerer, Adam},
    booktitle={NIPS Autodiff Workshop},
    year={2017}
}

@phdthesis{Vieri1999,
    author = {Vieri, Carlin James},
    title = {Reversible Computer Engineering and Architecture},
    year = {1999},
    note = {AAI0800892},
    publisher = {Massachusetts Institute of Technology},
    address = {Cambridge, MA, USA},
    url={https://dspace.mit.edu/handle/1721.1/80144?show=full}
} 

@article{Behrmann2018,
    author    = {Jens Behrmann and
               David Duvenaud and
               J{\"{o}}rn{-}Henrik Jacobsen},
    title     = {Invertible Residual Networks},
    journal   = {CoRR},
    volume    = {abs/1811.00995},
    year      = {2018},
    url       = {http://arxiv.org/abs/1811.00995},
    archivePrefix = {arXiv},
    eprint    = {1811.00995},
    timestamp = {Thu, 22 Nov 2018 17:58:30 +0100},
    biburl    = {https://dblp.org/rec/bib/journals/corr/abs-1811-00995},
    bibsource = {dblp computer science bibliography, https://dblp.org}
}

@article{Ardizzone2018,
    author    = {Lynton Ardizzone and
               Jakob Kruse and
               Sebastian J. Wirkert and
               Daniel Rahner and
               Eric W. Pellegrini and
               Ralf S. Klessen and
               Lena Maier{-}Hein and
               Carsten Rother and
               Ullrich K{\"{o}}the},
    title     = {Analyzing Inverse Problems with Invertible Neural Networks},
    journal   = {CoRR},
    volume    = {abs/1808.04730},
    year      = {2018},
    url       = {http://arxiv.org/abs/1808.04730},
    archivePrefix = {arXiv},
    eprint    = {1808.04730},
    timestamp = {Sun, 02 Sep 2018 15:01:56 +0200},
    biburl    = {https://dblp.org/rec/bib/journals/corr/abs-1808-04730},
    bibsource = {dblp computer science bibliography, https://dblp.org}
}

@article{Li2013,
   title={DECOMPOSITION OF UNITARY MATRICES AND QUANTUM GATES},
   volume={11},
   ISSN={1793-6918},
   url={http://dx.doi.org/10.1142/s0219749913500159},
   DOI={10.1142/s0219749913500159},
   number={01},
   journal={International Journal of Quantum Information},
   publisher={World Scientific Pub Co Pte Lt},
   author={LI, CHI-KWONG and ROBERTS, REBECCA and YIN, XIAOYAN},
   year={2013},
   month={Feb},
   pages={1350015}
}

@unpublished{Lutz1986,
    author    = {Christopher Lutz},
    title     = {Janus: a time-reversible language},
    note      = {{\it Letter to R.\ Landauer}.},
    year      = {1986},
}

@article{Chen2016,
    author    = {Tianqi Chen and
               Bing Xu and
               Chiyuan Zhang and
               Carlos Guestrin},
    title     = {Training Deep Nets with Sublinear Memory Cost},
    journal   = {CoRR},
    volume    = {abs/1604.06174},
    year      = {2016},
    url       = {http://arxiv.org/abs/1604.06174},
    archivePrefix = {arXiv},
    eprint    = {1604.06174},
    timestamp = {Mon, 13 Aug 2018 16:48:01 +0200},
    biburl    = {https://dblp.org/rec/bib/journals/corr/ChenXZG16},
    bibsource = {dblp computer science bibliography, https://dblp.org}
}

@article{Frank2017,
   title={Throwing computing into reverse},
   volume={54},
   ISSN={0018-9235},
   url={http://dx.doi.org/10.1109/MSPEC.2017.8012237},
   DOI={10.1109/mspec.2017.8012237},
   number={9},
   journal={IEEE Spectrum},
   publisher={Institute of Electrical and Electronics Engineers (IEEE)},
   author={Frank, Michael P.},
   year={2017},
   month={Sep},
   pages={32–37}
}

@book{Perumalla2013,
  title={Introduction to reversible computing},
  author={Perumalla, Kalyan S},
  year={2013},
  publisher={Chapman and Hall/CRC}
}

@article{Liao2019,
   title={Differentiable Programming Tensor Networks},
   volume={9},
   ISSN={2160-3308},
   url={http://dx.doi.org/10.1103/PhysRevX.9.031041},
   DOI={10.1103/physrevx.9.031041},
   number={3},
   journal={Physical Review X},
   publisher={American Physical Society (APS)},
   author={Liao, Hai-Jun and Liu, Jin-Guo and Wang, Lei and Xiang, Tao},
   year={2019},
   month={Sep}
}
@misc{Wan2019,
    title={Automatic Differentiation for Complex Valued SVD},
    author={Zhou-Quan Wan and Shi-Xin Zhang},
    year={2019},
    eprint={1909.02659},
    archivePrefix={arXiv},
    primaryClass={math.NA}
}

@misc{Hubig2019,
    title={Use and implementation of autodifferentiation in tensor network methods with complex scalars},
    author={Claudius Hubig},
    year={2019},
    eprint={1907.13422},
    archivePrefix={arXiv},
    primaryClass={cond-mat.str-el}
}

@article{Levine1990,
  title={A note on Bennett’s time-space tradeoff for reversible computation},
  author={Levine, Robert Y and Sherman, Alan T},
  journal={SIAM Journal on Computing},
  volume={19},
  number={4},
  pages={673--677},
  year={1990},
  publisher={SIAM},
  url={https://epubs.siam.org/doi/abs/10.1137/0219046}
}

@article{Bennett1989,
    author = {Bennett, Charles H.},
    title = {Time/Space Trade-Offs for Reversible Computation},
    journal = {SIAM Journal on Computing},
    volume = {18},
    number = {4},
    pages = {766-776},
    year = {1989},
    doi = {10.1137/0218053},

    URL = { 
            https://doi.org/10.1137/0218053
    },
}

@article{Hascoet2013,
  title={The Tapenade automatic differentiation tool: Principles, model, and specification},
  author={Hascoet, Laurent and Pascual, Val{\'e}rie},
  journal={ACM Transactions on Mathematical Software (TOMS)},
  volume={39},
  number={3},
  pages={20},
  year={2013},
  publisher={ACM},
  url={https://dl.acm.org/citation.cfm?id=2450158}
}

@InProceedings{Frank2017b,
    author="Frank, Michael P.",
    editor="Phillips, Iain
    and Rahaman, Hafizur",
    title="Foundations of Generalized Reversible Computing",
    booktitle="Reversible Computation",
    year="2017",
    publisher="Springer International Publishing",
    address="Cham",
    pages="19--34",
    isbn="978-3-319-59936-6",
    url={https://link.springer.com/chapter/10.1007/978-3-319-59936-6_2}
}


@INPROCEEDINGS{Frank2005,
    author={M. P. {Frank}}, 
    booktitle={35th International Symposium on Multiple-Valued Logic (ISMVL'05)}, 
    title={Approaching the physical limits of computing}, 
    year={2005}, 
    volume={}, 
    number={}, 
    pages={168-185}, 
    doi={10.1109/ISMVL.2005.9}, 
    ISSN={2378-2226}, 
    month={May},
}

@INPROCEEDINGS{Nachtigal2011, 
    author={M. {Nachtigal} and H. {Thapliyal} and N. {Ranganathan}}, 
    booktitle={2011 11th IEEE International Conference on Nanotechnology}, 
    title={Design of a reversible floating-point adder architecture}, 
    year={2011}, 
    volume={}, 
    number={}, 
    pages={451-456}, 
    doi={10.1109/NANO.2011.6144358}, 
    ISSN={1944-9399}, 
    month={Aug},
}

@misc{Nguyen2013,
    title={A Space-Efficient Design for Reversible Floating Point Adder in Quantum Computing},
    author={Trung Duc Nguyen and Rodney Van Meter},
    year={2013},
    eprint={1306.3760},
    archivePrefix={arXiv},
    primaryClass={quant-ph}
}

@INPROCEEDINGS{Nachtigal2010, 
author={M. {Nachtigal} and H. {Thapliyal} and N. {Ranganathan}}, 
booktitle={10th IEEE International Conference on Nanotechnology}, 
title={Design of a reversible single precision floating point multiplier based on operand decomposition}, 
year={2010}, 
volume={}, 
number={}, 
pages={233-237}, 
keywords={logic circuits;trees (mathematics);reversible single precision floating point multiplier;operand decomposition;reversible logic;operand decomposition approach;24×24 bit reversible multiplication;reversible 8×8 bit Wallace tree multipliers;garbage outputs;partial product generation;partial product compression;full adders;half adders;generalized reversible partial product generation circuitry;reversible half adders;quantum cost;24×24 bit multiplier;4:2 compressors;Logic gates;Delay;Compressors;Adders;Quantum computing;Logic circuits;Calculators}, 
doi={10.1109/NANO.2010.5697746}, 
ISSN={1944-9399}, 
month={Aug},}

@misc{Innes2018a,
    title={Fashionable Modelling with Flux},
    author={Michael Innes and Elliot Saba and Keno Fischer and Dhairya Gandhi and Marco Concetto Rudilosso and Neethu Mariya Joy and Tejan Karmali and Avik Pal and Viral Shah},
    year={2018},
    eprint={1811.01457},
    archivePrefix={arXiv},
    primaryClass={cs.PL}
}

@misc{Seeger2017,
    title={Auto-Differentiating Linear Algebra},
    author={Matthias Seeger and Asmus Hetzel and Zhenwen Dai and Eric Meissner and Neil D. Lawrence},
    year={2017},
    eprint={1710.08717},
    archivePrefix={arXiv},
    primaryClass={cs.MS}
}

@misc{memorywall,
  title = {{Breaking the Memory Wall: The AI Bottleneck}},
  howpublished = {\url{https://blog.semi.org/semi-news/breaking-the-memory-wall-the-ai-bottleneck}}
}

@article{Bettencourt2019,
  title={Taylor-Mode Automatic Differentiation for Higher-Order Derivatives in JAX},
  author={Bettencourt, Jesse and Johnson, Matthew J and Duvenaud, David},
  year={2019}
}

@misc{Jing2016,
    title={Tunable Efficient Unitary Neural Networks (EUNN) and their application to RNNs},
    author={Li Jing and Yichen Shen and Tena Dubček and John Peurifoy and Scott Skirlo and Yann LeCun and Max Tegmark and Marin Soljačić},
    year={2016},
    eprint={1612.05231},
    archivePrefix={arXiv},
    primaryClass={cs.LG}
}

@misc{Revels2016,
    title={Forward-Mode Automatic Differentiation in Julia},
    author={Jarrett Revels and Miles Lubin and Theodore Papamarkou},
    year={2016},
    eprint={1607.07892},
    archivePrefix={arXiv},
    primaryClass={cs.MS}
}

@article{Laikov2018,
   title={A reversible numerical integrator of the isokinetic equations of motion},
   volume={137},
   ISSN={1432-2234},
   url={http://dx.doi.org/10.1007/s00214-018-2344-7},
   DOI={10.1007/s00214-018-2344-7},
   number={11},
   journal={Theoretical Chemistry Accounts},
   publisher={Springer Science and Business Media LLC},
   author={Laikov, Dimitri N.},
   year={2018},
   month={Oct}
}

@article{Giftthaler2017,
   title={Automatic differentiation of rigid body dynamics for optimal control and estimation},
   volume={31},
   ISSN={1568-5535},
   url={http://dx.doi.org/10.1080/01691864.2017.1395361},
   DOI={10.1080/01691864.2017.1395361},
   number={22},
   journal={Advanced Robotics},
   publisher={Informa UK Limited},
   author={Giftthaler, Markus and Neunert, Michael and Stäuble, Markus and Frigerio, Marco and Semini, Claudio and Buchli, Jonas},
   year={2017},
   month={Nov},
   pages={1225–1237}
}

@article{Landauer1961,
  title={Irreversibility and heat generation in the computing process},
  author={Landauer, Rolf},
  journal={IBM journal of research and development},
  volume={5},
  number={3},
  pages={183--191},
  year={1961},
  publisher={Ibm}
}

@misc{Innes2018,
    title={Don't Unroll Adjoint: Differentiating SSA-Form Programs},
    author={Michael Innes},
    year={2018},
    eprint={1810.07951},
    archivePrefix={arXiv},
    primaryClass={cs.PL}
}

@article{Haener2018,
   title={Quantum Circuits for Floating-Point Arithmetic},
   ISBN={9783319994987},
   ISSN={1611-3349},
   url={http://dx.doi.org/10.1007/978-3-319-99498-7_11},
   DOI={10.1007/978-3-319-99498-7_11},
   journal={Lecture Notes in Computer Science},
   publisher={Springer International Publishing},
   author={Haener, Thomas and Soeken, Mathias and Roetteler, Martin and Svore, Krysta M.},
   year={2018},
   pages={162–174}
}

@article{Besard2018,
  author    = {Tim Besard and
               Christophe Foket and
               Bjorn De Sutter},
  title     = {Effective Extensible Programming: Unleashing Julia on GPUs},
  journal   = {CoRR},
  volume    = {abs/1712.03112},
  year      = {2017},
  url       = {http://arxiv.org/abs/1712.03112},
  archivePrefix = {arXiv},
  eprint    = {1712.03112},
  timestamp = {Mon, 13 Aug 2018 16:48:21 +0200},
  biburl    = {https://dblp.org/rec/bib/journals/corr/abs-1712-03112},
  bibsource = {dblp computer science bibliography, https://dblp.org}
}


@article{Jefferson1985,
  title={Virtual time},
  author={Jefferson, David R},
  journal={ACM Transactions on Programming Languages and Systems (TOPLAS)},
  volume={7},
  number={3},
  pages={404--425},
  year={1985},
  publisher={ACM}
}

@article{Boothe2000,
  title={Efficient algorithms for bidirectional debugging},
  author={Boothe, Bob},
  journal={ACM SIGPLAN Notices},
  volume={35},
  number={5},
  pages={299--310},
  year={2000},
  publisher={ACM}
}

@article{Xie2020,
    title={Automatic differentiation of dominant eigensolver and its applications in quantum physics},
    author={Hao Xie, Jin-Guo Liu and Lei Wang},
    eprint={arXiv:2001.04121},
    url={https://arxiv.org/abs/2001.04121}
}

@article{Lanese2018,
   title={A theory of reversibility for Erlang},
   volume={100},
   ISSN={2352-2208},
   url={http://dx.doi.org/10.1016/j.jlamp.2018.06.004},
   DOI={10.1016/j.jlamp.2018.06.004},
   journal={Journal of Logical and Algebraic Methods in Programming},
   publisher={Elsevier BV},
   author={Lanese, Ivan and Nishida, Naoki and Palacios, Adrián and Vidal, Germán},
   year={2018},
   month={Nov},
   pages={71–97}
}


@article{Aaronson2015,
  title={Read the fine print},
  author={Aaronson, Scott},
  journal={Nature Physics},
  volume={11},
  number={4},
  pages={291},
  year={2015},
  publisher={Nature Publishing Group},
  url={https://www.nature.com/articles/nphys3272}
}

@article{Giovannetti2008,
   title={Quantum Random Access Memory},
   volume={100},
   ISSN={1079-7114},
   url={http://dx.doi.org/10.1103/PhysRevLett.100.160501},
   DOI={10.1103/physrevlett.100.160501},
   number={16},
   journal={Physical Review Letters},
   publisher={American Physical Society (APS)},
   author={Giovannetti, Vittorio and Lloyd, Seth and Maccone, Lorenzo},
   year={2008},
   month={Apr}
}

@misc{MLStyle,
  title = {{MLStyle.jl}},
  howpublished = {\url{https://github.com/thautwarm/MLStyle.jl}}
}

@misc{ReverseDiff,
  title = {{ReverseDiff.jl}},
  howpublished = {\url{https://github.com/JuliaDiff/ReverseDiff.jl}}
}


@misc{KernelAbstractions,
  title = {{KernelAbstractions.jl}},
  howpublished = {\url{https://github.com/JuliaGPU/KernelAbstractions.jl}}
}

@inproceedings{Yuret2016,
  title={Knet: beginning deep learning with 100 lines of julia},
  author={Yuret, Deniz},
   year={2016},
  url={http://www2.denizyuret.com/bib/yuret/yuret2016knet/knet-beginning-deep%20(3).pdf}
}

@misc{FixedPointNumbers,
  title = {{FixedPointNumbers.jl}},
  howpublished = {\url{https://github.com/JuliaMath/FixedPointNumbers.jl}}
}

@misc{LogarithmicNumbers,
  title = {{LogarithmicNumbers.jl}},
  howpublished = {\url{https://github.com/cjdoris/LogarithmicNumbers.jl}}
}


@misc{benchmark,
  title = {{Paper's Github Repository}},
  howpublished = {\url{https://github.com/GiggleLiu/nilangpaper/tree/master/codes}}
}

@article{He2016,
   title={Deep Residual Learning for Image Recognition},
   ISBN={9781467388511},
   url={http://dx.doi.org/10.1109/CVPR.2016.90},
   DOI={10.1109/cvpr.2016.90},
   journal={2016 IEEE Conference on Computer Vision and Pattern Recognition (CVPR)},
   publisher={IEEE},
   author={He, Kaiming and Zhang, Xiangyu and Ren, Shaoqing and Sun, Jian},
   year={2016},
   month={Jun}
}

@misc{Lipton2015,
    title={A Critical Review of Recurrent Neural Networks for Sequence Learning},
    author={Zachary C. Lipton and John Berkowitz and Charles Elkan},
    year={2015},
    eprint={1506.00019},
    archivePrefix={arXiv},
    primaryClass={cs.LG}
}

@misc{Haulund2017,
    title={Design and Implementation of a Reversible Object-Oriented Programming Language},
    author={Tue Haulund},
    year={2017},
    eprint={1707.07845},
    archivePrefix={arXiv},
    primaryClass={cs.PL}
}

@techreport{Frank1997,
  title={The R programming language and compiler},
  author={Frank, Michael P},
  year={1997},
  institution={MIT Reversible Computing Project Memo}
}

@article{Orus2014,
   title={A practical introduction to tensor networks: Matrix product states and projected entangled pair states},
   volume={349},
   ISSN={0003-4916},
   url={http://dx.doi.org/10.1016/j.aop.2014.06.013},
   DOI={10.1016/j.aop.2014.06.013},
   journal={Annals of Physics},
   publisher={Elsevier BV},
   author={Orús, Román},
   year={2014},
   month={Oct},
   pages={117–158}
}

@misc{Martens2012,
    title={Estimating the Hessian by Back-propagating Curvature},
    author={James Martens and Ilya Sutskever and Kevin Swersky},
    year={2012},
    eprint={1206.6464},
    archivePrefix={arXiv},
    primaryClass={cs.LG}
}

@misc{Hner2018,
    title={Quantum circuits for floating-point arithmetic},
    author={Thomas Häner and Mathias Soeken and Martin Roetteler and Krysta M. Svore},
    year={2018},
    eprint={1807.02023},
    archivePrefix={arXiv},
    primaryClass={quant-ph}
}

@article{RuizPerez2017,
   title={Quantum arithmetic with the quantum Fourier transform},
   volume={16},
   ISSN={1573-1332},
   url={http://dx.doi.org/10.1007/s11128-017-1603-1},
   DOI={10.1007/s11128-017-1603-1},
   number={6},
   journal={Quantum Information Processing},
   publisher={Springer Science and Business Media LLC},
   author={Ruiz-Perez, Lidia and Garcia-Escartin, Juan Carlos},
   year={2017},
   month={Apr}
}

@misc{Luo2019,
    title={Yao.jl: Extensible, Efficient Framework for Quantum Algorithm Design},
    author={Xiu-Zhe Luo and Jin-Guo Liu and Pan Zhang and Lei Wang},
    year={2019},
    eprint={1912.10877},
    archivePrefix={arXiv},
    primaryClass={quant-ph}
}

@article{Michael2003,
  title = {Self-consistent mean-field models for nuclear structure},
  author = {Bender, Michael and Heenen, Paul-Henri and Reinhard, Paul-Gerhard},
  journal = {Rev. Mod. Phys.},
  volume = {75},
  issue = {1},
  pages = {121--180},
  numpages = {0},
  year = {2003},
  month = {Jan},
  publisher = {American Physical Society},
  doi = {10.1103/RevModPhys.75.121},
  url = {https://link.aps.org/doi/10.1103/RevModPhys.75.121}
}

@book{Mcinerney2015,
  title={First steps in differential geometry},
  author={McInerney, Andrew},
  year={2015},
  publisher={Springer},
  url={https://www.springer.com/gp/book/9781461477310}
}

@article{Hut1995,
  title={Building a better leapfrog},
  author={Hut, Piet and Makino, Jun and McMillan, Steve},
  journal={The Astrophysical Journal},
  volume={443},
  pages={L93--L96},
  year={1995}
}

@article{Svore2018,
   title={Q\#: Enabling Scalable Quantum Computing and Development with a High-level DSL},
   ISBN={9781450363556},
   url={http://dx.doi.org/10.1145/3183895.3183901},
   DOI={10.1145/3183895.3183901},
   journal={Proceedings of the Real World Domain Specific Languages Workshop 2018 on   - RWDSL2018},
   publisher={ACM Press},
   author={Svore, Krysta and Roetteler, Martin and Geller, Alan and Troyer, Matthias and Azariah, John and Granade, Christopher and Heim, Bettina and Kliuchnikov, Vadym and Mykhailova, Mariia and Paz, Andres},
   year={2018}
}

@article{Roesch2018,
   title={Relay: a new IR for machine learning frameworks},
   ISBN={9781450358347},
   url={http://dx.doi.org/10.1145/3211346.3211348},
   DOI={10.1145/3211346.3211348},
   journal={Proceedings of the 2nd ACM SIGPLAN International Workshop on Machine Learning and Programming Languages - MAPL 2018},
   publisher={ACM Press},
   author={Roesch, Jared and Lyubomirsky, Steven and Weber, Logan and Pollock, Josh and Kirisame, Marisa and Chen, Tianqi and Tatlock, Zachary},
   year={2018}
}

@article{Bezanson2012,
  title={Julia: A fast dynamic language for technical computing},
  author={Bezanson, Jeff and Karpinski, Stefan and Shah, Viral B and Edelman, Alan},
  journal={arXiv preprint arXiv:1209.5145},
  year={2012}
}

@article{Bezanson2017,
   title={Julia: A Fresh Approach to Numerical Computing},
   volume={59},
   ISSN={1095-7200},
   url={http://dx.doi.org/10.1137/141000671},
   DOI={10.1137/141000671},
   number={1},
   journal={SIAM Review},
   publisher={Society for Industrial & Applied Mathematics (SIAM)},
   author={Bezanson, Jeff and Edelman, Alan and Karpinski, Stefan and Shah, Viral B.},
   year={2017},
   month={Jan},
   pages={65–98}
}

@book{Golub2012,
  title={Matrix computations},
  author={Golub, Gene H and Van Loan, Charles F},
  volume={3},
  year={2012},
  publisher={JHU press}
}

@misc{Dinh2016,
    title={Density estimation using Real NVP},
    author={Laurent Dinh and Jascha Sohl-Dickstein and Samy Bengio},
    year={2016},
    eprint={1605.08803},
    archivePrefix={arXiv},
    primaryClass={cs.LG}
}

@article{Li2018,
   title={Neural Network Renormalization Group},
   volume={121},
   ISSN={1079-7114},
   url={http://dx.doi.org/10.1103/PhysRevLett.121.260601},
   DOI={10.1103/physrevlett.121.260601},
   number={26},
   journal={Physical Review Letters},
   publisher={American Physical Society (APS)},
   author={Li, Shuo-Hui and Wang, Lei},
   year={2018},
   month={Dec}
}

@incollection{Kingma2018,
    title = {Glow: Generative Flow with Invertible 1x1 Convolutions},
    author = {Kingma, Durk P and Dhariwal, Prafulla},
    booktitle = {Advances in Neural Information Processing Systems 31},
    editor = {S. Bengio and H. Wallach and H. Larochelle and K. Grauman and N. Cesa-Bianchi and R. Garnett},
    pages = {10215--10224},
    year = {2018},
    publisher = {Curran Associates, Inc.},
    url = {http://papers.nips.cc/paper/8224-glow-generative-flow-with-invertible-1x1-convolutions.pdf}
}

@misc{Kobyzev2019,
    title={Normalizing Flows: An Introduction and Review of Current Methods},
    author={Ivan Kobyzev and Simon Prince and Marcus A. Brubaker},
    year={2019},
    eprint={1908.09257},
    archivePrefix={arXiv},
    primaryClass={stat.ML}
}

@phdthesis{Frank1999,
  title={Reversibility for efficient computing},
  author={Frank, Michael Patrick and Knight Jr, Thomas F},
  year={1999},
  school={Massachusetts Institute of Technology, Dept. of Electrical Engineering and~…}
}

@article{Taylor1988,
  title={A 20 bit logarithmic number system processor},
  author={Taylor, Fred J. and Gill, Rabinder and Joseph, Jim and Radke, Jeff},
  journal={IEEE Transactions on Computers},
  volume={37},
  number={2},
  pages={190--200},
  year={1988},
  publisher={IEEE}
}

@article{Merkle2016,
  title={Molecular mechanical computing systems},
  author={Merkle, Ralph and Freitas Jr, Robert A and Hogg, Tad and Ryley, James},
  url={http://www.imm.org/Reports/rep046.pdf},
  year={2016}
}

@INPROCEEDINGS{Koller1992, 
    author={J. G. {Koller} and W. C. {Athas}}, 
    booktitle={Workshop on Physics and Computation}, 
    title={Adiabatic Switching, Low Energy Computing, And The Physics Of Storing And Erasing Information}, 
    year={1992}, 
    volume={}, 
    number={}, 
    pages={267-270}, 
    keywords={Physics computing;CMOS logic circuits;Switching circuits;Switches;CMOS digital integrated circuits;Analog computers;Energy dissipation;Voltage;Logic design;Recycling}, 
    doi={10.1109/PHYCMP.1992.615554}, 
    ISSN={null}, 
    month={Oct}
}

@article{Merkle2018,
   title={Mechanical Computing Systems Using Only Links and Rotary Joints},
   volume={10},
   ISSN={1942-4310},
   url={http://dx.doi.org/10.1115/1.4041209},
   DOI={10.1115/1.4041209},
   number={6},
   journal={Journal of Mechanisms and Robotics},
   publisher={ASME International},
   author={Merkle, Ralph C. and Freitas, Robert A. and Hogg, Tad and Moore, Thomas E. and Moses, Matthew S. and Ryley, James},
   year={2018},
   month={Sep}
}

@ARTICLE{Likharev1977, 
    author={K. {Likharev}}, 
    journal={IEEE Transactions on Magnetics}, 
    title={Dynamics of some single flux quantum devices: I. Parametric quantron}, 
    year={1977}, 
    volume={13}, 
    number={1}, 
    pages={242-244}, 
    keywords={Josephson device logic gates;Josephson device memories;Josephson junctions;Critical current;Memory;Magnetic flux;Inductance;Stationary state;Logic devices;Thermal factors;Superconducting devices;Superconducting logic circuits}, 
    doi={10.1109/TMAG.1977.1059351}, 
    ISSN={1941-0069}, 
    month={January},
}

@ARTICLE{Semenov2003, 
author={V. K. {Semenov} and G. V. {Danilov} and D. V. {Averin}}, 
journal={IEEE Transactions on Applied Superconductivity}, 
title={Negative-inductance SQUID as the basic element of reversible Josephson-junction circuits}, 
year={2003}, 
volume={13}, 
number={2}, 
pages={938-943}, 
keywords={SQUIDs;superconducting logic circuits;shift registers;cellular arrays;negative-inductance SQUID;reversible Josephson-junction circuits;energy dissipation;inherently reversible quantum computation;reversible information processing;Josephson-junction circuits;layout-level designs;circular shift register;SQUIDs;Quantum computing;Information processing;Thermodynamics;Josephson junctions;Superconducting logic circuits;Energy consumption;Energy dissipation;Information analysis;Frequency}, 
doi={10.1109/TASC.2003.814155}, 
ISSN={2378-7074}, 
month={June},}

@article{Debenedictis2017,
  title={The opportunities and controversies of reversible computing},
  author={DeBenedictis, Erik P and Mee, Jesse K and Frank, Michael P},
  journal={Computer},
  volume={50},
  number={6},
  pages={76--80},
  year={2017},
  publisher={IEEE}
}

@article{Siskind2008,
  title={Using polyvariant union-free flow analysis to compile a higher-order functional-programming language with a first-class derivative operator to efficient Fortran-like code},
  author={Siskind, Jeffrey Mark and Pearlmutter, Barak A},
  year={2008},
  url={http://mural.maynoothuniversity.ie/8151/},
  publisher={ECE Technical Reports (Purdue e-Pubs)}
}

@article{Elliott2009,
  title={Beautiful differentiation},
  author={Elliott, Conal M},
  journal={ACM Sigplan Notices},
  volume={44},
  number={9},
  pages={191--202},
  year={2009},
  publisher={ACM New York, NY, USA}
}

@misc{Nielsen2002,
  title={Quantum computation and quantum information},
  author={Nielsen, Michael A and Chuang, Isaac},
  year={2002},
  publisher={American Association of Physics Teachers}
}

@misc{Einsum,
    author = "{Wikipedia contributors}",
    title = "Einstein notation --- {Wikipedia}{,} The Free Encyclopedia",
    year = "2020",
    url = "https://en.wikipedia.org/w/index.php?title=Einstein_notation&oldid=939837748",
    note = "[Online; accessed 20-February-2020]"
  }

@misc{Takahashi2020,
    title={Valence-bond solids, vestigial order, and emergent SO(5) symmetry in a two-dimensional quantum magnet},
    author={Jun Takahashi and Anders W. Sandvik},
    year={2020},
    eprint={2001.10045},
    archivePrefix={arXiv},
    primaryClass={cond-mat.str-el}
}

@article{Kingma2014,
    title={Adam: A method for stochastic optimization},
    author={Kingma, Diederik P and Ba, Jimmy},
    eprint={arXiv:1412.6980},
    url={https://arxiv.org/abs/1412.6980}
}

@inproceedings{Bennett1973,
  title={Logical reversibility of computation},
  author={Charles H. Bennett},
  year={1973}
}

@misc{COMEFROM,
    author = "{Wikipedia contributors}",
    title = "COMEFROM --- {Wikipedia}{,} The Free Encyclopedia",
    year = "2020",
    url = "https://en.wikipedia.org/w/index.php?title=COMEFROM&oldid=937268622",
    note = "[Online; accessed 8-March-2020]"
  }

@article{Haner2017,
   title={0.5 petabyte simulation of a 45-qubit quantum circuit},
   ISBN={9781450351140},
   url={http://dx.doi.org/10.1145/3126908.3126947},
   DOI={10.1145/3126908.3126947},
   journal={Proceedings of the International Conference for High Performance Computing, Networking, Storage and Analysis on - SC  ’17},
   publisher={ACM Press},
   author={Häner, Thomas and Steiger, Damian S.},
   year={2017}
}

@inbook{Hanninen2014,
author = {Hänninen, Ismo and Snider, Gregory and Lent, Craig},
year = {2014},
month = {12},
pages = {1-20},
title = {Adiabatic CMOS: Limits of Reversible Energy Recovery and First Steps for Design Automation},
volume = {8911},
isbn = {978-3-662-45710-8},
doi = {10.1007/978-3-662-45711-5_1}
}

@article{Chong2017,
  title={Programming languages and compiler design for realistic quantum hardware},
  author={Chong, Frederic T and Franklin, Diana and Martonosi, Margaret},
  journal={Nature},
  volume={549},
  number={7671},
  pages={180--187},
  year={2017},
  publisher={Nature Publishing Group}
}

@article{Srajer2018,
  title={A benchmark of selected algorithmic differentiation tools on some problems in computer vision and machine learning},
  author={Srajer, Filip and Kukelova, Zuzana and Fitzgibbon, Andrew},
  journal={Optimization Methods and Software},
  volume={33},
  number={4-6},
  pages={889--906},
  year={2018},
  publisher={Taylor \& Francis}
}

@article{Speyer2009,
  title={Tropical mathematics},
  author={Speyer, David and Sturmfels, Bernd},
  journal={Mathematics Magazine},
  volume={82},
  number={3},
  pages={163--173},
  year={2009},
  publisher={Taylor \& Francis},
  url={https://www.tandfonline.com/doi/pdf/10.1080/0025570X.2009.11953615?casa_token=ok8IKiRlBRIAAAAA:HQnLGyUszuUKEM_a7WoSd5FMcbgZ7YIHxT-MvIXhP9OsN4Lk43WCDiLTAXtU41PS2ubFv_DNeQg4}
}

@inproceedings{Frank2005b,
  title={Introduction to reversible computing: motivation, progress, and challenges},
  author={Frank, Michael P},
  booktitle={Proceedings of the 2nd Conference on Computing Frontiers},
  pages={385--390},
  year={2005},
  url={https://dl.acm.org/doi/abs/10.1145/1062261.1062324}
}

@phdthesis{Nolan1953,
  title={Analytical differentiation on a digital computer},
  author={Nolan, John F},
  year={1953},
  school={Massachusetts Institute of Technology}
}

@article{Wengert1964,
  title={A simple automatic derivative evaluation program},
  author={Wengert, Robert Edwin},
  journal={Communications of the ACM},
  volume={7},
  number={8},
  pages={463--464},
  year={1964},
  publisher={ACM New York, NY, USA}
}

@article{Boltyanski1960,
  title={The maximum principle in the theory of optimal processes of control},
  author={Boltyanski, VG and Gamkrelidze, RV and Mishchenko, EF and Pontryagin, LS},
  journal={IFAC Proceedings Volumes},
  volume={1},
  number={1},
  pages={464--469},
  year={1960},
  publisher={Elsevier}
}

@article{Rosset2019,
  title={Turing-nlg: A 17-billion-parameter language model by microsoft},
  author={Rosset, C},
  journal={Microsoft Blog},
  year={2019}
}

@article{Symes2007,
  title={Reverse time migration with optimal checkpointing},
  author={Symes, William W},
  journal={Geophysics},
  volume={72},
  number={5},
  pages={SM213--SM221},
  year={2007},
  publisher={Society of Exploration Geophysicists},
  url={https://library.seg.org/doi/abs/10.1190/1.2742686}
}

@misc{Zhang2019,
      title={Automatic Differentiable Monte Carlo: Theory and Application}, 
      author={Shi-Xin Zhang and Zhou-Quan Wan and Hong Yao},
      year={2019},
      eprint={1911.09117},
      archivePrefix={arXiv},
      primaryClass={physics.comp-ph}
}

@article{Heimbach2005,
  title={An efficient exact adjoint of the parallel MIT general circulation model, generated via automatic differentiation},
  author={Heimbach, Patrick and Hill, Chris and Giering, Ralf},
  journal={Future Generation Computer Systems},
  volume={21},
  number={8},
  pages={1356--1371},
  year={2005},
  publisher={Elsevier}
}

@misc{Zhu2020,
      title={A General Approach to Seismic Inversion with Automatic Differentiation}, 
      author={Weiqiang Zhu and Kailai Xu and Eric Darve and Gregory C. Beroza},
      year={2020},
      eprint={2003.06027},
      archivePrefix={arXiv},
      primaryClass={physics.comp-ph}
}

@article{Carleo2017,
   title={Solving the quantum many-body problem with artificial neural networks},
   volume={355},
   ISSN={1095-9203},
   url={http://dx.doi.org/10.1126/science.aag2302},
   DOI={10.1126/science.aag2302},
   number={6325},
   journal={Science},
   publisher={American Association for the Advancement of Science (AAAS)},
   author={Carleo, Giuseppe and Troyer, Matthias},
   year={2017},
   month={Feb},
   pages={602–606}
}

@article{Gutzwiller1963,
  title = {Effect of Correlation on the Ferromagnetism of Transition Metals},
  author = {Gutzwiller, Martin C.},
  journal = {Phys. Rev. Lett.},
  volume = {10},
  issue = {5},
  pages = {159--162},
  numpages = {0},
  year = {1963},
  month = {Mar},
  publisher = {American Physical Society},
  doi = {10.1103/PhysRevLett.10.159},
  url = {https://link.aps.org/doi/10.1103/PhysRevLett.10.159}
}

@article{Cai2018,
  title = {Approximating quantum many-body wave functions using artificial neural networks},
  author = {Cai, Zi and Liu, Jinguo},
  journal = {Phys. Rev. B},
  volume = {97},
  issue = {3},
  pages = {035116},
  numpages = {8},
  year = {2018},
  month = {Jan},
  publisher = {American Physical Society},
  doi = {10.1103/PhysRevB.97.035116},
  url = {https://link.aps.org/doi/10.1103/PhysRevB.97.035116}
}

@misc{Liu2020,
      title={Tropical Tensor Network for Ground States of Spin Glasses}, 
      author={Jin-Guo Liu and Lei Wang and Pan Zhang},
      year={2020},
      eprint={2008.06888},
      archivePrefix={arXiv},
      primaryClass={cond-mat.stat-mech}
}

@article{Deng2017,
   title={Quantum Entanglement in Neural Network States},
   volume={7},
   ISSN={2160-3308},
   url={http://dx.doi.org/10.1103/PhysRevX.7.021021},
   DOI={10.1103/physrevx.7.021021},
   number={2},
   journal={Physical Review X},
   publisher={American Physical Society (APS)},
   author={Deng, Dong-Ling and Li, Xiaopeng and Das Sarma, S.},
   year={2017},
   month={May}
}

@book{Hirose2003,
    title={Complex-valued neural networks: theories and applications},
    author={Hirose, Akira},
    volume={5},
    year={2003},
    publisher={World Scientific}
}

@article{Griewank1992,
  title={Achieving logarithmic growth of temporal and spatial complexity in reverse automatic differentiation},
  author={Griewank, Andreas},
  journal={Optimization Methods and software},
  volume={1},
  number={1},
  pages={35--54},
  year={1992},
  publisher={Taylor \& Francis},
  url={https://www.tandfonline.com/doi/abs/10.1080/10556789208805505}
}


@inproceedings{Chen2018,
 author = {Chen, Ricky T. Q. and Rubanova, Yulia and Bettencourt, Jesse and Duvenaud, David K},
 booktitle = {Advances in Neural Information Processing Systems},
 editor = {S. Bengio and H. Wallach and H. Larochelle and K. Grauman and N. Cesa-Bianchi and R. Garnett},
 pages = {},
 publisher = {Curran Associates, Inc.},
 title = {Neural Ordinary Differential Equations},
 url = {https://proceedings.neurips.cc/paper/2018/file/69386f6bb1dfed68692a24c8686939b9-Paper.pdf},
 volume = {31},
 year = {2018}
}


@article{Plessix2006,
    author = {Plessix, R.-E.},
    title = "{A review of the adjoint-state method for computing the gradient of a functional with geophysical applications}",
    journal = {Geophysical Journal International},
    volume = {167},
    number = {2},
    pages = {495-503},
    year = {2006},
    month = {11},
    issn = {0956-540X},
    doi = {10.1111/j.1365-246X.2006.02978.x},
    url = {https://doi.org/10.1111/j.1365-246X.2006.02978.x},
    eprint = {https://academic.oup.com/gji/article-pdf/167/2/495/1492368/167-2-495.pdf},
}

@misc{Grote2010,
      title={Efficient PML for the wave equation}, 
      author={Marcus J. Grote and Imbo Sim},
      year={2010},
      eprint={1001.0319},
      archivePrefix={arXiv},
      primaryClass={math.NA}
}

@article{Linnainmaa1976,
  title={Taylor expansion of the accumulated rounding error},
  author={Linnainmaa, Seppo},
  journal={BIT Numerical Mathematics},
  volume={16},
  number={2},
  pages={146--160},
  year={1976},
  publisher={Springer}
}
